=LDR  00998cam a2200289Mi 4500
=001  ocm63806621\
=003  OCoLC
=005  20211007213027.0
=008  860108s1685\\\\xx\\\\\\\\\\\\000\0\fre\d
=040  \\$aNLGGC$bdut$efobidrtb$cNLGGC
=029  0\$aNLGGC$b860047253
=035  \\$a(OCoLC)63806621
=041  1\$afre$heng
=049  \\$aQGJA
=100  1\$aTemple, William,$cChevalier,$d1628-1699.$0(NL-LeOCL)068482876
=245  10$aRemarques sur l'estat des Provinces Unies des Pays-bas. :$bFaites en l'an 1672. /$cPar Monsieur le Chevalier Temple ..
=250  \\$aSur la copie a La Haye, chez Jean & Daniel Steuker.
=260  \\$a[S.l.] :$b[s.n.],$c1685.
=300  \\$a[24], 262 p. ;$cin-12.
=336  \\$atekst$btxt$2rdacontent/dut
=337  \\$azonder medium$bn$2rdamedia/dut
=338  \\$aband$bnc$2rdacarrier/dut
=590  \\$b20211007
=765  0\$tObservations upon the United Provinces,$d1672
=986  \\$aUBU Van Someren 2
=994  \\$a92$bQGJ
=994  \\$cNEW$dNew collection customer.66264.370

