=LDR  01275cam a2200373Ka 4500
=001  ocm09200381\
=003  OCoLC
=005  20211007213027.0
=008  830207s1607\\\\fr\\\\\\\\\\\\000\0\fre\d
=040  \\$aSYB$beng$cSYB$dOCLCQ$dOCLCF$dOCLCQ$dOCLCO
=029  1\$aGBVCP$b15041885X
=029  1\$aNLGGC$b292949375
=035  \\$a(OCoLC)09200381
=043  \\$ae-fr---
=082  04$a944.03$bF81, v. 2, no. 1
=049  \\$aQGJA
=245  00$aResponse au discours presenté au roy sur la reunion des deux religions.
=246  3\$aResponse av discovrs presenté av roy sur la reunion des deux religions
=260  \\$a[France?] :$b[publisher not identified],$c1607.
=300  \\$a32 pages ;$c18 cm (8vo)
=336  \\$atext$btxt$2rdacontent$0http://id.loc.gov/vocabulary/contentTypes/txt
=337  \\$aunmediated$bn$2rdamedia$0http://id.loc.gov/vocabulary/mediaTypes/n
=338  \\$avolume$bnc$2rdacarrier$0http://id.loc.gov/vocabulary/carriers/nc
=500  \\$aVol. 2, no. 1 in a collection with binder's title: France.$5NSyU
=500  \\$aImperfect: wanting p. 9-14.$5NSyU
=510  4\$aLindsay & Neu,$c159:2376
=590  \\$b20211007
=651  \0$aFrance$xChurch history.$0http://id.loc.gov/authorities/subjects/sh85051175
=651  \7$aFrance.$2fast$0http://id.worldcat.org/fast/01204289$0http://id.loc.gov/authorities/names/n79006404-781
=655  \7$aChurch history.$2fast$0http://id.worldcat.org/fast/01411629
=752  \\$aFrance?
=986  \\$aUBU Van Someren 2
=994  \\$a92$bQGJ
=994  \\$cNEW$dNew collection customer.66264.370

