=LDR  02129cam a2200361Mi 4500
=001  ocm64780573\
=003  OCoLC
=005  20211007213027.0
=008  880606s1598\\\\ne\\\\\\\\\\\\000\0\dut\d
=040  \\$aNLGGC$bdut$efobidrtb$cNLGGC
=029  0\$aNLGGC$b047006374
=035  \\$a(OCoLC)64780573
=072  \7$ah$2odfysin
=072  \7$aj$2odfysin
=072  \7$ax$2odfysin
=049  \\$aQGJA
=245  00$aAntwoorde op de valsche beschuldiginghen door een zeker ghesworen vijandt der Ghereformeerde religie, onder den titel ofte name van de Iustificatie van Leyden ... Midtsgaders de Verantwoordinghe van den dienaer, ouderlinghen en̄ diaconen der kercke tot Leyden, naer het wt-gheven van de Justificatie ghestelt ..
=260  \\$aTot Rotterdam, :$bby Jan van Waesberghe ...,$c1598.
=300  \\$a165, [1], 79, [3] p. ;$cin-8.
=336  \\$atekst$btxt$2rdacontent/dut
=337  \\$azonder medium$bn$2rdamedia/dut
=338  \\$aband$bnc$2rdacarrier/dut
=500  \\$aA-P 8  Q 4 (Q4 blanco).
=500  \\$aDrukkersmerk, motto: Literae Immortalitatem Parivnt.
=510  0\$aHillerbrand 3318
=530  \\$aTitel is geselecteerd voor digitalisering voor de Universiteit van Amsterdam in het kader van het Google Books-project.
=590  \\$b20211007
=710  0\$aWaesberge, Jan van (II, Rotterdam)$4prt$0(NL-LeOCL)112190189
=776  0\$tAntwoorde op de valsche beschuldiginghen door een zeker ghesworen vijandt der Ghereformeerde religie, onder den titel ofte name van de Iustificatie van Leyden ... Midtsgaders de Verantwoordinghe van den dienaer, ouderlinghen en̄ diaconen der kercke tot Leyden, naer het wt-gheven van de Justificatie ghestelt ..$w(NL-LeOCL)396637701
=776  0\$tAntwoorde op de valsche beschuldiginghen door een zeker ghesworen vijandt der Ghereformeerde religie, onder den titel ofte name van de Iustificatie van Leyden ... Midtsgaders de Verantwoordinghe van den dienaer, ouderlinghen en̄ diaconen der kercke tot Leyden, naer het wt-gheven van de Justificatie ghestelt ..$w(NL-LeOCL)401742334
=986  \\$aUBU Van Someren 2
=994  \\$a92$bQGJ
=994  \\$cNEW$dNew collection customer.66264.370

