=LDR  01440cam a2200337Mi 4500
=001  ocm68037902\
=003  OCoLC
=005  20211007213027.0
=008  980826s1591\\\\fr\\\\\\\\\\\\000\0\lat\d
=040  \\$aNLGGC$bdut$efobidrtb$cNLGGC$dQGJ
=029  0\$aNLGGC$b172694698
=035  \\$a(OCoLC)68037902
=049  \\$aQGJA
=100  0\$aGregorius$bXIV,$cpaus,$d1535-1591.$1http://viaf.org/viaf/295180128
=245  10$aGregorii XIIII Papæ Litteræ monitoriales ad principes, duces, marchiones &c et archiepiscopos, episcopos aliosque ecclesiasticos regni Francorum, qui regis partes sequuntur, et ad eas Turonense senatusconsultum.
=246  3\$aLitterae monitoriales ad principes, duces, marchiones
=260  \\$aFrancofvrti :$bex officina typographica Martini Lechleri,$c1591.
=300  \\$a38 p. ;$cin-8 (17 cm)
=336  \\$atekst$btxt$2rdacontent/dut
=337  \\$azonder medium$bn$2rdamedia/dut
=338  \\$aband$bnc$2rdacarrier/dut
=500  \\$aCollatieformule: A-B⁸ C⁴ (C4 blanco).
=510  4\$aVerzeichnis der im deutschen Sprachbereich erschienenen Drucke des 16. Jahrhunderts (VD 16),$cK 522
=510  4\$aVan Someren,$c448
=590  \\$b20211007
=600  04$aGregorius$bXIV,$cpaus,$d1535-1591.$0(NL-LeOCL)072482591$1http://viaf.org/viaf/295180128
=655  \7$aBrieven (vorm)$2gtt$0(NL-LeOCL)088142167
=710  0\$aLechler, Martin (Frankfort am Main)$4prt$0(NL-LeOCL)080258832
=986  \\$aUBU Van Someren 2
=994  \\$a92$bQGJ
=994  \\$cNEW$dNew collection customer.66264.370

