=LDR  01807cam a2200421Ia 4500
=001  ocm68083351\
=003  OCoLC
=005  20211007213027.0
=008  980217s1581\\\\gw\\\\\\\\\\\\000\0\ger\d
=040  \\$aNLGGC$beng$edcrb$cNLGGC$dEMT$dOCLCG$dOCLCF$dOCLCO$dOCLCQ$dOCLCO$dOCLCA
=029  0\$aNLGGC$b166514616
=035  \\$a(OCoLC)68083351
=050  \4$a1581$aSELN A
=049  \\$aQGJA
=100  1\$aSelneccer, Nicolaus,$d1530-1592.$0http://id.loc.gov/authorities/names/n89602807$1http://viaf.org/viaf/7415057
=245  10$aNicolai Selnecceri D. Superintendenten zu Leipzig, christliche kurtze Antwort auff die Lesterung und sacramentirische Schmehschrifft Lamberti Danaei, itzt Anno 1581 in Druck zu Genff gegeben :$betliche christliche Gebet wider die Schwermer, aus dem Psalter Davids.
=246  3\$aChristliche kurtze Antwort auff die Lesterung und sacramentirische Schmehschrifft Lamberti Danaei
=260  \\$aGedruckt zu Leipzig :$bbey Georg Defner,$cAnno 1581.
=300  \\$a[48] p. (last p, blank) ;$c20 cm. (4to)
=336  \\$atext$btxt$2rdacontent$0http://id.loc.gov/vocabulary/contentTypes/txt
=337  \\$aunmediated$bn$2rdamedia$0http://id.loc.gov/vocabulary/mediaTypes/n
=338  \\$avolume$bnc$2rdacarrier$0http://id.loc.gov/vocabulary/carriers/nc
=500  \\$aSignatures: A-F⁴ (F4 verso blank).
=510  4\$aVD 16$cS 5470
=500  \\$aVignette on t.p.
=590  \\$b20211007
=600  14$aDaneau, Lambert,$d1530-1595.$tDe tribus gravissimis.
=650  \0$aReformed Church$vControversial literature.
=650  \0$aLord's Supper$vEarly works to 1800.$0http://id.loc.gov/authorities/subjects/sh85078368
=650  \7$aLord's Supper.$2fast$0http://id.worldcat.org/fast/01002518
=650  \7$aReformed Church.$2fast$0http://id.worldcat.org/fast/01092606
=655  \7$aControversial literature.$2fast$0http://id.worldcat.org/fast/01423907
=655  \7$aEarly works.$2fast$0http://id.worldcat.org/fast/01411636
=700  1\$aDeffner, Georg,$dactive 1580-1587,$eprinter.
=752  \\$aGermany$dLeipzig.
=986  \\$aUBU Van Someren 2
=994  \\$a92$bQGJ
=994  \\$cNEW$dNew collection customer.66264.370

