=LDR  01275cam a2200301Mi 4500
=001  ocm63400201\
=003  OCoLC
=005  20211007213027.0
=008  810806s1617\\\\ne\\\\\\\\\\\\000\0\dut\d
=040  \\$aNLGGC$bdut$efobidrtb$cNLGGC
=029  0\$aNLGGC$b810789213
=035  \\$a(OCoLC)63400201
=049  \\$aQGJA
=100  1\$aTelle, Reinier,$d1558/59-1618.$0(NL-LeOCL)069381526$1http://viaf.org/viaf/89909988
=245  14$aDer Contraremonstranten kerf-stock, die nimmermeer yser wordt. :$bAen de Roomsche Catholijcken. : Op de wyse: Het was een fray rijck burghers kindt. /$cDoor een lief-hebber van de vrye waerheydt.
=260  \\$a[S.l. :$bs.n.],$c[1617]
=300  \\$a[8] p. ;$cin-4.
=336  \\$atekst$btxt$2rdacontent/dut
=337  \\$azonder medium$bn$2rdamedia/dut
=338  \\$aband$bnc$2rdacarrier/dut
=500  \\$aEen lief-hebber van de vrye waerheydt is: Reinier Telle.
=590  \\$b20211007
=776  0\$tDer Contraremonstranten kerf-stock, die nimmermeer yser wordt.$w(NL-LeOCL)426233581
=776  0\$tDer Contraremonstranten kerf-stock, die nimmermeer yser wordt.$w(NL-LeOCL)42623359X
=776  0\$tDer Contraremonstranten kerf-stock, die nimmermeer yser wordt.$w(NL-LeOCL)43174999X
=986  \\$aUBU Van Someren 2
=994  \\$a92$bQGJ
=994  \\$cNEW$dNew collection customer.66264.370

