=LDR  00997cam a2200277Mi 4500
=001  ocm65556064\
=003  OCoLC
=005  20211007213027.0
=008  900417s1658\\\\ne\\\\\\\\\\\\000\0\lat\d
=040  \\$aNLGGC$bdut$efobidrtb$cNLGGC
=029  0\$aNLGGC$b083260234
=035  \\$a(OCoLC)65556064
=049  \\$aQGJA
=100  1\$aEssenius, Andreas,$d1618-1677.$0(NL-LeOCL)070484066$1http://viaf.org/viaf/72148784
=245  10$aDefensio consilii theologici Ultrajectini de Canonicatilius, Vicariatibus /$c...
=260  \\$aUltrajecti,$c1658.
=300  \\$a? ;$c4°
=336  \\$atekst$btxt$2rdacontent/dut
=337  \\$azonder medium$bn$2rdamedia/dut
=338  \\$aband$bnc$2rdacarrier/dut
=590  \\$b20211007
=776  0\$tDefensio consilii theologici Ultrajectini de Canonicatilius, Vicariatibus$w(NL-LeOCL)426035895
=776  0\$tDefensio consilii theologici Ultrajectini de Canonicatilius, Vicariatibus$w(NL-LeOCL)426035909
=986  \\$aUBU Van Someren 2
=994  \\$a92$bQGJ
=994  \\$cNEW$dNew collection customer.66264.370

