=LDR  01221cam a2200277Mi 4500
=001  ocm65054231\
=003  OCoLC
=005  20211007213027.0
=008  900403s1590\\\\fr\\\\\\\\\\\\000\0\fre\d
=040  \\$aNLGGC$bdut$efobidrtb$cNLGGC
=029  0\$aNLGGC$b060971576
=035  \\$a(OCoLC)65054231
=049  \\$aQGJA
=245  00$aDeclaration veritable de la bataille faicte à Ivry la Chanssee le 14. de mars, par victoire obtenue sa Majesté Henri quatrième, roy de France et de Navarre, sur ceux de la ligue :$bensemble les articles de la grace que sa Majesté a faictes aux Suisses du parti contraire.
=260  \\$a[S.l.] :$b[s.n.],$c1590.
=300  \\$a8 p. ;$c24 cm (4-o)
=336  \\$atekst$btxt$2rdacontent/dut
=337  \\$azonder medium$bn$2rdamedia/dut
=338  \\$aband$bnc$2rdacarrier/dut
=505  8\$aZie over den slag bij Ivry o.a.: Martin, Histoire de France, X, 201 v.v.; Motley, United Netherlands, III, 52, v,v.
=590  \\$b20211007
=600  04$aHenri$bIV,$ckoning van Frankrijk,$d1553-1610.$0(NL-LeOCL)069857326$1http://viaf.org/viaf/59094245
=700  0\$aHenri$bIV,$ckoning van Frankrijk,$d1553-1610.$0(NL-LeOCL)069857326$1http://viaf.org/viaf/59094245
=986  \\$aUBU Van Someren 2
=994  \\$a92$bQGJ
=994  \\$cNEW$dNew collection customer.66264.370

