=LDR  00990cam a2200289Mi 4500
=001  ocm65558918\
=003  OCoLC
=005  20211007213027.0
=008  900417s1688\\\\ne\\\\\\\\\\\\000\0\dut\d
=040  \\$aNLGGC$bdut$efobidrtb$cNLGGC
=029  0\$aNLGGC$b083309527
=035  \\$a(OCoLC)65558918
=049  \\$aQGJA
=245  00$aExtract uyt een brief, geschreven uyt 's Gravenhage den 27. October 1688.
=260  \\$a['s Gravenhage],$c[1688]
=300  \\$a[4] p. ;$c4-o.
=336  \\$atekst$btxt$2rdacontent/dut
=337  \\$azonder medium$bn$2rdamedia/dut
=338  \\$aband$bnc$2rdacarrier/dut
=500  \\$aHandelt over het vertrek van Willem III naar Engeland.
=510  0\$aVan der Wulp 6269
=590  \\$b20211007
=710  2\$aS.n. ('s-Gravenhage)$4prt$0(NL-LeOCL)077156617
=776  0\$tExtract uyt een brief, geschreven uyt 's Gravenhage den 27. October 1688$w(NL-LeOCL)426036050
=986  \\$aUBU Van Someren 2
=994  \\$a92$bQGJ
=994  \\$cNEW$dNew collection customer.66264.370

