=LDR  01932cam a2200385 a 4500
=001  ocm30357261\
=003  OCoLC
=005  20211007213027.0
=008  940412s1551\\\\gw\\\\\\\l\\\\000\0\ger\\
=010  \\$a   72215073 $z   94136322 
=040  \\$aDLC$beng$edcrb$cDLC$dOCLCQ$dOCLCO$dOCLCF$dOCLCQ$dOCLCO$dOCLCA
=029  1\$aNLGGC$b118615602
=035  \\$a(OCoLC)30357261
=043  \\$ae------
=050  00$aKK253$b1551
=051  \\$aKK253$b1548$cCopy 2. 31 cm. With: Holy Roman Empire. Abschiedt der Röm. Keys. Maiest. vnd gemeyner Stend vff dem Reichsstag zů Augspurg vffgericht Anno Domini MDXLVIII  ...  Gedruckt inn der chůrfürstlichen Stadt Meyntz : Durch Iuonem Schöffer,  im[m] Iare 1549. Bound together subsequent to publication.
=049  \\$aQGJA
=110  1\$aHoly Roman Empire.$0http://id.loc.gov/authorities/names/n79060589-781$1http://viaf.org/viaf/122772486
=240  10$aLaws, etc. (Reichs-Abschied : 1551)
=245  10$aAbschiedt der Röm. Keys. Maiest. vnd gemeyner Stend vff dem Reichsstag zů Augspurg vffgericht Anno Domini MDLI.
=260  \\$aGedruckt inn der chůrfürstlichen Stadt Meyntz :$bDurch Iuonem Schöffer,$cim[m] Iare 1551.
=300  \\$a[1], 37 leaves ;$c32 cm. (fol.)
=336  \\$atext$btxt$2rdacontent$0http://id.loc.gov/vocabulary/contentTypes/txt
=337  \\$aunmediated$bn$2rdamedia$0http://id.loc.gov/vocabulary/mediaTypes/n
=338  \\$avolume$bnc$2rdacarrier$0http://id.loc.gov/vocabulary/carriers/nc
=500  \\$aSignatures: A-K⁴. K4 blank?; wanting in LC copy.
=500  \\$aWith: Holy Roman Empire. Abschiedt der Römischen Königlichen Maiestat vnd gemeiner Stendt auff dem Reichsstag zu Augspurg Anno Domini MDLV auffgericht. Meyntz : Getruckt durch F. Behem, 1555. Bound together subsequent to publication.$5DLC
=590  \\$b20211007
=650  \0$aLaw$zHoly Roman Empire.$0http://id.loc.gov/authorities/subjects/sh2008106776
=650  \7$aLaw.$2fast$0http://id.worldcat.org/fast/00993678
=651  \7$aEurope$zHoly Roman Empire.$2fast$0http://id.worldcat.org/fast/01205344
=710  1\$aHoly Roman Empire.$bReichstag$d(1551 :$cAugsburg, Germany)$0http://id.loc.gov/authorities/names/n94029231$1http://viaf.org/viaf/126821281
=986  \\$aUBU Van Someren 2
=994  \\$a92$bQGJ
=994  \\$cNEW$dNew collection customer.66264.370

