=LDR  02646cam a2200445Mi 4500
=001  ocm64845635\
=003  OCoLC
=005  20211007213027.0
=008  880629s1685\\\\ne\\\\\\\\\\\\000\0\lat\d
=040  \\$aNLGGC$bdut$efobidrtb$cNLGGC
=029  0\$aNLGGC$b047333766
=029  1\$aCHVBK$b170394972
=029  1\$aCHBIS$b006030349
=035  \\$a(OCoLC)64845635
=049  \\$aQGJA
=100  1\$aBlanckaert, Nicolaas,$d1624-1703.$0(NL-LeOCL)069662134$1http://viaf.org/viaf/12410245
=245  10$aNicolai Blancardi Panegyricvs, pro ivbileo sev festo secvlari, :$bivssv procervm, in Templo Academico, dictvs MDCLXXXV, die Sept. XXIV.
=246  3\$aNicolai Blancardi Panegyricus, pro jubileo seu festo seculari
=246  3\$aPanegyricvs, pro ivbileo sev festo secvlari
=246  3\$aPro ivbileo sev festo secvlari
=246  3\$aPanegyricus, pro jubileo seu festo seculari
=260  \\$aFraneqverae :$bexcudit Johannes Gyselaer ...,$c1685.
=300  \\$a[8], 36, 93 p. ;$cin-2.
=336  \\$atekst$btxt$2rdacontent/dut
=337  \\$azonder medium$bn$2rdamedia/dut
=338  \\$aband$bnc$2rdacarrier/dut
=500  \\$a* 4 A-I 2 a-z 2 [2a] 2 (2a2 blanco).
=500  \\$aMet een portret van Nicolaus Blancardus in zwart kostuum door P. Aeneae ingevoegd.
=500  \\$aAchter de oratie: 1. Programma, quod superioris seculi anno quinto et octuagesimo, sub initium Academiae inaugurandae, a praefecto Frisiae, et ordinum eiusdem delegatis fuit publicatum. 2. Oratio D. Abeli Franckena, illust. Ordinum Frisiae deputati ... habita in auditorio Theologico, XXIX Julii anno MDLXXXV de consilio institutae ab iisdem Academiae Franequeranae. 3. Diverse feestgedichten in het Nederlands, Latijn, Grieks en Frans. 4. Excerpta ex Albo Academiae Franekeranae, ab anno MDLXXXV adusque MDCLXXXV ... 5. Clarorum Academiae Franekeranae professorum monumenta sepulchralia, quae in utroque templo visuntur. 6. [Erratum]
=530  \\$aTitel is geselecteerd voor digitalisering voor de Universiteit van Leiden in het kader van het Google Books-project.
=590  \\$b20211007
=700  1\$aFrankena, Abel.$0(NL-LeOCL)143417878$1http://viaf.org/viaf/287086325
=710  0\$aGyselaar, Hans (Franeker)$4prt$0(NL-LeOCL)077163680
=776  0\$tNicolai Blancardi Panegyricus, pro jubileo seu festo seculari$w(NL-LeOCL)377467723
=776  0\$tNicolai Blancardi Panegyricus, pro jubileo seu festo seculari$w(NL-LeOCL)406924635
=776  0\$tNicolai Blancardi Panegyricus, pro jubileo seu festo seculari$w(NL-LeOCL)432673423
=776  0\$tNicolai Blancardi Panegyricus, pro jubileo seu festo seculari$w(NL-LeOCL)432673431
=986  \\$aUBU Van Someren 2
=994  \\$a92$bQGJ
=994  \\$cNEW$dNew collection customer.66264.370

