=LDR  01280cam a2200313Mi 4500
=001  ocm65698573\
=003  OCoLC
=005  20211007213027.0
=008  900417s1672\\\\ne\\\\\\\\\\\\000\0\dut\d
=040  \\$aNLGGC$bdut$efobidrtb$cNLGGC
=029  0\$aNLGGC$b083673482
=035  \\$a(OCoLC)65698573
=049  \\$aQGJA
=245  03$aDe Staten van Hollandt ende West-Vrieslandt, allen den genen, die desen sullen sien ofte hooren lesen, salut. Doen te weten, dat wy hebben bevonden, dat zedert eenighen tijdt herwaerts, in verscheyde steden ende plaetsen van desen lande zijn ontstaen geweest veele diffidentien ende murmuratien ..
=260  \\$aIn 's Graven-hage, :$bby Jacobus Scheltus ...,$c1672.
=300  \\$a1 bl. ;$cin-plano.
=336  \\$atekst$btxt$2rdacontent/dut
=337  \\$azonder medium$bn$2rdamedia/dut
=338  \\$aband$bnc$2rdacarrier/dut
=500  \\$aBlad aan 1 zijde bedrukt.
=500  \\$aDe Nederlandse leeuw in de tuin bovenaan.
=500  \\$aImpressum onderaan.
=500  \\$aBetreffende algemene amnestie.
=510  0\$aKnuttel 10574. Van der Wulp 4862
=590  \\$b20211007
=710  0\$aScheltus, Jacobus (I, 's-Gravenhage)$4prt$0(NL-LeOCL)077132300
=986  \\$aUBU Van Someren 2
=994  \\$a92$bQGJ
=994  \\$cNEW$dNew collection customer.66264.370

