=LDR  01462cam a2200385Ii 4500
=001  ocm03922636\
=003  OCoLC
=005  20211007213027.0
=008  780524s1579\\\\fr\\\\\\\\\\\\000\0bfre\d
=040  \\$aEEM$beng$cEEM$dOCLCQ$dOCLCG$dOCLCQ$dOCLCA$dOCLCQ$dOCLCO$dOCLCF
=029  1\$aNLGGC$b169302873
=035  \\$a(OCoLC)03922636
=043  \\$ae-fr---
=050  \4$aDC112.G83$bL2 1579
=049  \\$aQGJA
=100  1\$aLa Planche, Louis Régnier de,$dapproximately 1530-approximately 1580.$0http://id.loc.gov/authorities/names/n88145440$1http://viaf.org/viaf/5877937
=245  13$aLa legende de Charles, cardinal de Lorraine :$b& de ses freres, de la maison de Guise /$cDescrite en trois liures par François de l'Isle [i.e. La Planche].
=260  \\$aReims :$bImprimerie de Pierre Martin,$c1579.
=300  \\$a[6], 74 leaves ;$c15 cm
=336  \\$atext$btxt$2rdacontent$0http://id.loc.gov/vocabulary/contentTypes/txt
=337  \\$aunmediated$bn$2rdamedia$0http://id.loc.gov/vocabulary/mediaTypes/n
=338  \\$avolume$bnc$2rdacarrier$0http://id.loc.gov/vocabulary/carriers/nc
=500  \\$aBook I. No more published.
=500  \\$aBrunet, v. 3, 1096.
=590  \\$b20211007
=600  10$aGuise, Charles de,$cCardinal de Lorraine,$d1525-1574.$0http://id.loc.gov/authorities/names/nr93004810$1http://viaf.org/viaf/46904834
=600  30$aGuise family.
=600  17$aGuise, Charles de,$cCardinal de Lorraine,$d1525-1574.$2fast$0http://id.worldcat.org/fast/00316924$1http://viaf.org/viaf/46904834
=651  \0$aFrance$xHistory$yHouse of Valois, 1328-1589.$0http://id.loc.gov/authorities/subjects/sh85051282
=651  \7$aFrance.$2fast$0http://id.worldcat.org/fast/01204289$0http://id.loc.gov/authorities/names/n79006404-781
=648  \7$a1328-1589$2fast
=655  \7$aHistory.$2fast$0http://id.worldcat.org/fast/01411628
=986  \\$aUBU Van Someren 2
=994  \\$a92$bQGJ
=994  \\$cNEW$dNew collection customer.66264.370

