=LDR  01376cam a2200289M  4500
=001  ocm17749472\
=003  OCoLC
=005  20211007213027.0
=008  870205s1684\\\\xx\\\\\\\\\\\\000\0\dut\d
=040  \\$aMNU$beng$cMNU$dOCLCQ$dOCLCG$dOCLCQ$dOCL$dOCLCA
=035  \\$a(OCoLC)17749472
=049  \\$aQGJA
=100  1\$aMesmes, Jean-Antoine de,$ccomte d'Avaux,$d1640-1709.$0http://id.loc.gov/authorities/names/no99014910$1http://viaf.org/viaf/36908983
=245  10$aMemorie van Syn Excellentie de Heer Grave d'Avaux, extraordinaris ambassadeur van Syn Alder-Christelijkste Majesteyt;$bgepresenteert aen de Staten Generaal der Vereenigde Nederlanden. Den 16. Mey, 1684.
=260  \\$a[Place of publication not identified]$c1684.
=300  \\$a4 pages$c20 cm.
=336  \\$atext$btxt$2rdacontent$0http://id.loc.gov/vocabulary/contentTypes/txt
=337  \\$aunmediated$bn$2rdamedia$0http://id.loc.gov/vocabulary/mediaTypes/n
=338  \\$avolume$bnc$2rdacarrier$0http://id.loc.gov/vocabulary/carriers/nc
=490  0\$aDutch history pamphlets. 1684:150
=510  4\$aKnuttel$c12077
=500  \\$a"Demanding the signature of the States within four days to a freser treaty with France."--B.M. Cat. Photolith. ed. v. 158, col. 679.
=590  \\$b20211007
=776  08$iOnline version:$aAvaux, comte d', 1640-1709.$tMemorie van Syn Excellentie de Heer Grave d'Avaux, extraordinaris ambassadeur van Syn Alder-Christelijkste Majesteyt.$d[Place of publication not identified] 1684$w(OCoLC)1021287376
=986  \\$aUBU Van Someren 2
=994  \\$a92$bQGJ
=994  \\$cNEW$dNew collection customer.66264.370

