=LDR  01827cam a2200433Ia 4500
=001  ocm32763752\
=003  OCoLC
=005  20211007213027.0
=008  950705s1564\\\\fr\\\\\\\\\\\\000\0\lat\d
=040  \\$aNDD$beng$edcrb$cNDD$dOCLCQ$dXII$dOCLCG$dOCLCA$dOCLCQ$dOCLCO$dOCLCA$dOCLCQ$dOCLCO$dOCLCF
=029  1\$aNLGGC$b286805049
=035  \\$a(OCoLC)32763752
=049  \\$aQGJA
=100  1\$aOssat, Arnaud d',$d1536-1604.$0http://id.loc.gov/authorities/names/no2001087516
=245  10$aExpositio Arnaldi Ossati in disputationem Jacobi Carpentarii De methodo.
=246  30$aExpositio in disputationem Jacobi Carpentarii De methodo
=246  3\$aExpositio Arnaldi Ossati in dispvtationem Jacobi Carpentarii De methodo
=260  \\$aParisiis [Paris, France] :$bApud Andream Wechelum,$c1564.
=300  \\$a19, [1] leaves ;$c17 cm. (8vo)
=336  \\$atext$btxt$2rdacontent$0http://id.loc.gov/vocabulary/contentTypes/txt
=337  \\$aunmediated$bn$2rdamedia$0http://id.loc.gov/vocabulary/mediaTypes/n
=338  \\$avolume$bnc$2rdacarrier$0http://id.loc.gov/vocabulary/carriers/nc
=500  \\$aWritten in defense of Petrus Ramus and in response to Jacques Charpentier's Disputatio de methodo, quod unica non sit.
=500  \\$aSignatures: A-B⁸ C⁴.
=500  \\$aPrinter's device on t.p. and verso of last leaf.
=590  \\$b20211007
=600  10$aCharpentier, Jacques,$d1521-1574.$tDisputatio de methodo, quod unica non sit.
=600  10$aRamus, Petrus,$d1515-1572.$0http://id.loc.gov/authorities/names/n81129403$1http://viaf.org/viaf/39399236
=600  17$aRamus, Petrus,$d1515-1572.$2fast$0http://id.worldcat.org/fast/00082022$1http://viaf.org/viaf/39399236
=650  \0$aLogic$vEarly works to 1800.$0http://id.loc.gov/authorities/subjects/sh2008107110
=650  \7$aLogic.$2fast$0http://id.worldcat.org/fast/01002014
=655  \7$aEarly works.$2fast$0http://id.worldcat.org/fast/01411636
=700  1\$aRamus, Petrus,$d1515-1572.$0http://id.loc.gov/authorities/names/n81129403$1http://viaf.org/viaf/39399236
=700  1\$aWechel, Andreas,$d-1581,$eprinter.$0http://id.loc.gov/authorities/names/nr94021004$1http://viaf.org/viaf/99863554
=700  1\$aCharpentier, Jacques,$d1521-1574.$tDisputatio de methodo, quod unica non sit.
=752  \\$aFrance$dParis.
=986  \\$aUBU Van Someren 2
=994  \\$a92$bQGJ
=994  \\$cNEW$dNew collection customer.66264.370

