=LDR  01101cam a2200313   4500
=001  ocm41885432\
=003  OCoLC
=005  20211007213027.0
=008  990715s1616\\\\xx\\\\\\\\\\\\000\0\lat\d
=040  \\$aIDH$beng$cIDH$dOCLCG$dOCLCQ$dOCL$dUKTRC$dOCLCO$dOCLCF$dOCLCQ
=035  \\$a(OCoLC)41885432
=050  \4$aBT1480$b.J98
=049  \\$aQGJA
=100  1\$aSocinus, Faustus,$d1539-1604.$0http://id.loc.gov/authorities/names/n85144140$1http://viaf.org/viaf/41890089
=245  10$aTractatvs de ivstificatione,$cFavsti Socini Senensis.
=260  \\$aRacoviae,$bTypis Sebastiani Sternacii,$c1616.
=300  \\$a64 pages$c18 cm
=336  \\$atext$btxt$2rdacontent$0http://id.loc.gov/vocabulary/contentTypes/txt
=337  \\$aunmediated$bn$2rdamedia$0http://id.loc.gov/vocabulary/mediaTypes/n
=338  \\$avolume$bnc$2rdacarrier$0http://id.loc.gov/vocabulary/carriers/nc
=590  \\$b20211007
=650  \0$aJustification (Christian theology)$vEarly works to 1800.$0http://id.loc.gov/authorities/subjects/sh2008106272
=650  \0$aTheology, Doctrinal$vEarly works to 1800.$0http://id.loc.gov/authorities/subjects/sh2008112880
=650  \7$aJustification (Christian theology)$2fast$0http://id.worldcat.org/fast/00985240
=650  \7$aTheology, Doctrinal.$2fast$0http://id.worldcat.org/fast/01149617
=655  \7$aEarly works.$2fast$0http://id.worldcat.org/fast/01411636
=986  \\$aUBU Van Someren 2
=994  \\$a92$bQGJ
=994  \\$cNEW$dNew collection customer.66264.370

