=LDR  01200cam a2200337Ma 4500
=001  ocm45240051\
=003  OCoLC
=005  20211007213027.0
=008  001017s1674\\\\ne\\\\\\\\\\\\000\0\lat\d
=040  \\$aEQO$beng$cEQO$dOCLCQ$dOCLCG$dOCLCF$dOCLCQ$dOCLCO
=029  1\$aNLGGC$b062779486
=035  \\$a(OCoLC)45240051
=043  \\$ae-be---
=049  \\$aQGJA
=100  1\$aBurman, Frans,$d1628-1679.$0http://id.loc.gov/authorities/names/n50032334$1http://viaf.org/viaf/144697
=245  10$aFrancisci Burmanni ... Oratio de causis Belgicae afflictae. :$bDicta in templi majoris choro, A. diem XIII. Junii, urbi huic funestum, A.C. MDCLXXIV.
=246  30$aOratio de causis Belgicae afflictae
=260  \\$aTrajecti ad Rhenum :$bApud Cornelium Jacobi Noenardum ...,$cMDCLXXIV.
=300  \\$a44 pages ;$c4°
=336  \\$atext$btxt$2rdacontent$0http://id.loc.gov/vocabulary/contentTypes/txt
=337  \\$aunmediated$bn$2rdamedia$0http://id.loc.gov/vocabulary/mediaTypes/n
=338  \\$avolume$bnc$2rdacarrier$0http://id.loc.gov/vocabulary/carriers/nc
=590  \\$b20211007
=651  \0$aBelgium$xHistory.$0http://id.loc.gov/authorities/subjects/sh85012971
=651  \7$aBelgium.$2fast$0http://id.worldcat.org/fast/01210278$0http://id.loc.gov/authorities/names/n80126041-781
=655  \7$aHistory.$2fast$0http://id.worldcat.org/fast/01411628
=700  1\$aNoenaert, Cornelis Jacobsz,$d1662-1696,$eprinter.
=752  \\$aNetherlands$dUtrecht.
=986  \\$aUBU Van Someren 2
=994  \\$a92$bQGJ
=994  \\$cNEW$dNew collection customer.66264.370

