=LDR  01662cam a2200409Ma 4500
=001  ocm46340241\
=003  OCoLC
=005  20211007213027.0
=008  970820s1576\\\\fr\\\\\\\\\\\\001\0\lat\d
=040  \\$aEQO$beng$cEQO$dOCLCQ$dOCLCG$dOCLCF$dOCLCO$dOCLCQ$dOCL
=029  1\$aGBVCP$b150788576
=029  1\$aNLGGC$b161453910
=035  \\$a(OCoLC)46340241
=043  \\$ae-fr---
=049  \\$aQGJA
=100  0\$aHenry$bIII,$cKing of France,$d1551-1589.$0http://id.loc.gov/authorities/names/n50040026$1http://viaf.org/viaf/5774506
=245  10$aEdictum Henrici Regis Galliae de pace, nuper a typographo regio Lutetiæ editum cum priuilegio Regis, è Gallico in Latinum sermonem fideliter conuersum.
=246  3\$aEdictvm Henrici Regis Galliae De pace, nvper a typographo regio Lutetiæ editum cum priuilegio Regis, è Gallico in Latinum sermonem fideliter conuersum
=246  30$aEdictum de pace
=260  \\$a[Paris] :$b[Féderic Morel?],$c1576.
=300  \\$a[2], 5-38 pages ;$c4°
=336  \\$atext$btxt$2rdacontent$0http://id.loc.gov/vocabulary/contentTypes/txt
=337  \\$aunmediated$bn$2rdamedia$0http://id.loc.gov/vocabulary/mediaTypes/n
=338  \\$avolume$bnc$2rdacarrier$0http://id.loc.gov/vocabulary/carriers/nc
=590  \\$b20211007
=651  \0$aFrance$xHistory$y16th century$vEarly works to 1800.
=651  \0$aFrance$xHistory$yWars of the Huguenots, 1562-1598$vEarly works to 1800.
=651  \7$aFrance.$2fast$0http://id.worldcat.org/fast/01204289$0http://id.loc.gov/authorities/names/n79006404-781
=647  \7$aWars of the Huguenots$c(France :$d1562-1598)$2fast$0(OCoLC)fst01355311
=648  \7$a1500-1599$2fast
=655  \7$aEarly works.$2fast$0http://id.worldcat.org/fast/01411636
=655  \7$aHistory.$2fast$0http://id.worldcat.org/fast/01411628
=700  1\$aMorel, Fédéric,$d1523-1583,$eprinter.$0http://id.loc.gov/authorities/names/nr96033658$1http://viaf.org/viaf/44403189
=752  \\$aFrance$dParis.
=986  \\$aUBU Van Someren 2
=994  \\$a92$bQGJ
=994  \\$cNEW$dNew collection customer.66264.370

