=LDR  01659cam a2200373Ia 4500
=001  ocm58038313\
=003  OCoLC
=005  20211007213027.0
=008  041214s1570\\\\gw\\\\\\\\\\\\000\0\ger\d
=040  \\$aCUD$beng$edcrb$cCUD$dOCLCQ$dEMT$dOCLCG$dOCLCO$dOCLCQ$dOCLCF$dQGJ
=035  \\$a(OCoLC)58038313
=049  \\$aQGJA
=100  1\$aWigand, Johann,$d1523-1587.$0http://id.loc.gov/authorities/names/n90683277$1http://viaf.org/viaf/76621932
=245  10$aWarnung vor dem Catechismo D. Canisii, des grossen Jhesuwidders :$bDaraus die ungründe bepstlicher Lere zu erkennen /$cD. Johannes Wigandus.
=260  \\$aGedruckt zu Jhena :$bdurch Christian Rhödingers Erben,$cM.D. LXX.
=300  \\$a[10], 80, [2] leaves (last leaf blank) ;$c22 cm. (4to)
=336  \\$atext$btxt$2rdacontent$0http://id.loc.gov/vocabulary/contentTypes/txt
=337  \\$aunmediated$bn$2rdamedia$0http://id.loc.gov/vocabulary/mediaTypes/n
=338  \\$avolume$bnc$2rdacarrier$0http://id.loc.gov/vocabulary/carriers/nc
=340  \\$m4to$2rdabf
=500  \\$aSignatures: A-Z⁴ (Z4 blank).
=510  4\$aVerzeichnis der im deutschen Sprachbereich erschienenen Drucke des 16. Jahrhunderts (VD 16),$cW 2908
=500  \\$aVignette on t.p.
=500  \\$aPolemical tract by Johann Wigand against the catechism of Petrus Canesius, a Jesuit preacher and strong defender of Catholic doctrine in Germany during the Reformation.
=590  \\$b20211007
=600  10$aCanisius, Petrus,$cSaint,$d1521-1597.$tOpus catechisticum.
=610  20$aCatholic Church$vControversial literature.
=610  27$aCatholic Church.$2fast$0http://id.worldcat.org/fast/00531720
=655  \7$aControversial literature.$2fast$0http://id.worldcat.org/fast/01423907
=710  2\$aChristian Rödingers Erben,$eprinter.
=752  \\$aGermany$dJena.$4pup
=986  \\$aUBU Van Someren 2
=994  \\$a92$bQGJ
=994  \\$cNEW$dNew collection customer.66264.370

