=LDR  00862cam a2200265Mi 4500
=001  ocm66866240\
=003  OCoLC
=005  20211007213027.0
=008  031214s1589\\\\be\\\\\\\\\\\\000\0\lat\d
=040  \\$aNLGGC$bdut$efobidrtb$cNLGGC
=029  0\$aNLGGC$b257979921
=035  \\$a(OCoLC)66866240
=049  \\$aQGJA
=245  00$aRerum a Martino Schenckio apud Neomagenses undecima Augusti gestarum brevis historia /$cdescripta a quodam oculato.
=260  \\$aAntverpiae :$bex officina Joachimi Trognesii,$c1589.
=300  \\$a10 p. ;$c20 cm.
=336  \\$atekst$btxt$2rdacontent/dut
=337  \\$azonder medium$bn$2rdamedia/dut
=338  \\$aband$bnc$2rdacarrier/dut
=510  0\$aVan Someren 148
=590  \\$b20211007
=600  14$aSchenck van Nideggen, Maarten.
=986  \\$aUBU Van Someren 2
=994  \\$a92$bQGJ
=994  \\$cNEW$dNew collection customer.66264.370

