=LDR  01076cam a2200265Mi 4500
=001  ocm66866268\
=003  OCoLC
=005  20211007213027.0
=008  031214s1580\\\\gw\\\\\\\\\\\\000\0\dut\d
=040  \\$aNLGGC$bdut$efobidrtb$cNLGGC
=029  0\$aNLGGC$b257980105
=035  \\$a(OCoLC)66866268
=049  \\$aQGJA
=245  00$aWarachtige nieuwe tijdinge, ende schoone victorie, die de almloghende Heere tot voordeel des Vaderlandts verleent ende verthoont heeft, door den vromen heere Monsieur a Lonche ... capiteyn voor den prinche [!] van Oraenien ende Staten des Nederlandts met syne soldaten ende adherenten opt faict ende innemen der stadt van Diest op den ix. junij ...
=260  \\$a[Homberg?] :$b[Nicolaes of Peter Gevaerts],$c1580.
=300  \\$c20 cm.
=336  \\$atekst$btxt$2rdacontent/dut
=337  \\$azonder medium$bn$2rdamedia/dut
=338  \\$aband$bnc$2rdacarrier/dut
=510  0\$aVan Someren 90
=510  0\$aTypographia Batava 5463
=590  \\$b20211007
=986  \\$aUBU Van Someren 2
=994  \\$a92$bQGJ
=994  \\$cNEW$dNew collection customer.66264.370

