=LDR  01090cam a2200289Mi 4500
=001  ocm66866481\
=003  OCoLC
=005  20211007213027.0
=008  031214s1568\\\\xx\\\\\\\\\\\\000\0\ger\d
=040  \\$aNLGGC$bdut$efobidrtb$cNLGGC
=029  0\$aNLGGC$b257981691
=035  \\$a(OCoLC)66866481
=049  \\$aQGJA
=100  0\$aWillem I,$cprins van Oranje.
=245  10$aBekendnus, der durchleuchtigesten hochgebornen Fürsten und Herrn, Herren Wilhelm Printz zu Uranien, sampt andern irer F.G. Mitverwandten Defension, und Nootwehr widder des Duca de Alba unchristliche und eunerhörte Verfolgung gegen alle Stendt der Nidderlanden, tyrannischer Weise geübet.
=260  \\$a[S.l.] :$b[s.n.],$c[1568]
=300  \\$c19 cm.
=336  \\$atekst$btxt$2rdacontent/dut
=337  \\$azonder medium$bn$2rdamedia/dut
=338  \\$aband$bnc$2rdacarrier/dut
=510  0\$aKnuttel 166
=510  0\$aVan Someren 37
=590  \\$b20211007
=600  14$aAlba, Fernando Alvarez de Toledo,$cduque d'.
=986  \\$aUBU Van Someren 2
=994  \\$a92$bQGJ
=994  \\$cNEW$dNew collection customer.66264.370

