=LDR  01323cam a2200289Mi 4500
=001  ocm66866503\
=003  OCoLC
=005  20211007213027.0
=008  031214s1588\\\\gw\\\\\\\\\\\\000\0\ger\d
=040  \\$aNLGGC$bdut$efobidrtb$cNLGGC
=029  0\$aNLGGC$b257981810
=035  \\$a(OCoLC)66866503
=049  \\$aQGJA
=100  1\$aEyzinger, Michael.
=245  10$aSpanischer Armada oder Kriegsrüstung warhaffte Relation /$causs dem Hispanischen Original in Hochteutsch ubergesetzt ; sambt Erzehlung: wie deiselbig den 29. unnd 30. Maij under dem Bevelch des Hertzogen von Medina Sidonia, auss Portugal abgeschifft, unnd wie sie mit grosser Gefahr darnach an Engellandt ankommen, unnd sich im engen Meer durchgeschlagen, den 8. 9. und 10. Augusti, auch wie darnach solche Armada auff dem flachen Meer abermals mit den Englischen ein Treffen gethan den 22. Tag desselbigen Monats Augusti 1588.
=260  \\$aZu Cölln :$bbey Godtfriedt van Kempen,$c1588.
=300  \\$c19 cm.
=336  \\$atekst$btxt$2rdacontent/dut
=337  \\$azonder medium$bn$2rdamedia/dut
=338  \\$aband$bnc$2rdacarrier/dut
=500  \\$aAuteur is Michael Eyzinger.
=510  0\$aVan Someren 142
=510  0\$aVD 16.1 niet
=590  \\$b20211007
=986  \\$aUBU Van Someren 2
=994  \\$a92$bQGJ
=994  \\$cNEW$dNew collection customer.66264.370

