=LDR  00983cam a2200265Mi 4500
=001  ocm66866526\
=003  OCoLC
=005  20211007213027.0
=008  031214s1591\\\\ne\\\\\\\\\\\\000\0\dut\d
=040  \\$aNLGGC$bdut$efobidrtb$cNLGGC
=029  0\$aNLGGC$b257982000
=035  \\$a(OCoLC)66866526
=049  \\$aQGJA
=245  00$aPlaccaet opden opheve vanden veertichsten penninck, op de onroerende goederen inde stadt, steden, ende landen van Utrecht gheleghen, die ghetransporteert of in eenigher wijse veralieneert sullen worden, midtsgaders op eenige prelaturen ende prebenden &c.
=260  \\$aGheprent tot Utrecht :$bby Salomon Aertson,$c1591.
=300  \\$c20 cm.
=336  \\$atekst$btxt$2rdacontent/dut
=337  \\$azonder medium$bn$2rdamedia/dut
=338  \\$aband$bnc$2rdacarrier/dut
=510  0\$aTypographia Batava 6727
=510  0\$aVan Someren 151
=590  \\$b20211007
=986  \\$aUBU Van Someren 2
=994  \\$a92$bQGJ
=994  \\$cNEW$dNew collection customer.66264.370

