=LDR  01152cam a2200289Mi 4500
=001  ocm66866534\
=003  OCoLC
=005  20211007213027.0
=008  031214s1544\\\\gw\\\\\\\\\\\\000\0\lat\d
=040  \\$aNLGGC$bdut$efobidrtb$cNLGGC
=029  0\$aNLGGC$b25798206X
=035  \\$a(OCoLC)66866534
=049  \\$aQGJA
=100  1\$aLatomus, Bartholomaeus,$d1485-1566.$0(NL-LeOCL)110710282$1http://viaf.org/viaf/282060667
=245  10$aResponsio Bartholomaei Latomi ad epistolam quandam Martini Buceri de dispensatione Eucharistiae &invocatione divorum & de coelibatu sacerdotum, in qua interim Ecclesiae & sanctorum patrum authoritas acerrime defenditur.
=246  3\$aResponsio ad epistolam quandam Martini Buceri de dispensatione Eucharistiae &invocatione divorum & de coelibatu sacerdotum
=260  \\$aColoniae :$bex officina Melchioris Novesiani,$c1544.
=300  \\$c20 cm.
=336  \\$atekst$btxt$2rdacontent/dut
=337  \\$azonder medium$bn$2rdamedia/dut
=338  \\$aband$bnc$2rdacarrier/dut
=510  0\$aVD 16.1, L 632
=590  \\$b20211007
=600  14$aBucer, Martin.$1http://viaf.org/viaf/2478527
=986  \\$aUBU Van Someren 2
=994  \\$a92$bQGJ
=994  \\$cNEW$dNew collection customer.66264.370

