=LDR  01557cam a2200313Mi 4500
=001  ocm66866536\
=003  OCoLC
=005  20211007213027.0
=008  031214s1582\\\\xx\\\\\\\\\\\\000\0\ger\d
=040  \\$aNLGGC$bdut$efobidrtb$cNLGGC
=029  0\$aNLGGC$b257982078
=035  \\$a(OCoLC)66866536
=049  \\$aQGJA
=245  00$aAntwort der catholischen königlichen Maiestet, auff das jenige, was der Durchleuchtigst, unnd Hochgeborne Fürst, Carle Ertzhertzog in Oesterreich, derselben Vetter, in namen und von wegen des Allerdurchleuchtigsten, Grossmechtigsten Fürsten, Herren Maximiliani II Römischen Keysers, desselben geliebten Brudern, des Niderländischen Kriegswesen halber, fürgebracht :$bauch ist zu endt ein Edict mit angehenckt so König. May. inn Polen an die Statt Wilda, wegen der Empörung und Auffrur, so die von der Catholischen Römischen Kirchen, wider die Leut und Kirchendiener des evangelischen und sächsischen hauffens, erweckt, aussgehen lassen.
=260  \\$a[S.l.] :$b[s.n.],$c1582.
=300  \\$a41 p. ;$c20 cm.
=336  \\$atekst$btxt$2rdacontent/dut
=337  \\$azonder medium$bn$2rdamedia/dut
=338  \\$aband$bnc$2rdacarrier/dut
=510  0\$aVan Someren 534
=510  0\$aVD 16.1, A 3003
=590  \\$b20211007
=600  04$aMaximiliaan II,$cRooms-Duits keizer.
=600  04$aKarel van Stiermarken,$d1540-1590.
=700  0\$aFilips II,$ckoning van Spanje.
=700  0\$aBáthory,$ckoning van Polen.
=986  \\$aUBU Van Someren 2
=994  \\$a92$bQGJ
=994  \\$cNEW$dNew collection customer.66264.370

