=LDR  01152cam a2200277Mi 4500
=001  ocm66866542\
=003  OCoLC
=005  20211007213027.0
=008  031214s1583\\\\gw\\\\\\\\\\\\000\0\ger\d
=040  \\$aNLGGC$bdut$efobidrtb$cNLGGC
=029  0\$aNLGGC$b257982108
=029  1\$aCHBIS$b006241900
=029  1\$aCHVBK$b172397464
=035  \\$a(OCoLC)66866542
=049  \\$aQGJA
=100  0\$aGebhard II,$cTruchsess von Waldburg.
=245  10$aChristliche Erklärung in Religions Sachen, so der Hochwürdigst Fürst und Herr, Herr Gebhardt, Erwehlter und Bestättigter zu Ertzbischoffen zu Cölln, dess Heiligen Reichs durch Italien Ertz-Canzler und Churfürst, Hertzog zu Westphalen und Engern etc. den 16. Januarii, dieses jetzt lauffenden 83. Jars, in irer Churf. G. Ertzstifft Cölln, offentlich publiciern, und verkünden lassen etc.
=260  \\$a[S.l.] :$b[s.n.],$c1583.
=300  \\$c20 cm.
=336  \\$atekst$btxt$2rdacontent/dut
=337  \\$azonder medium$bn$2rdamedia/dut
=338  \\$aband$bnc$2rdacarrier/dut
=590  \\$b20211007
=986  \\$aUBU Van Someren 2
=994  \\$a92$bQGJ
=994  \\$cNEW$dNew collection customer.66264.370

