=LDR  01015cam a2200265Mi 4500
=001  ocm66866544\
=003  OCoLC
=005  20211007213027.0
=008  031214s1583\\\\gw\\\\\\\\\\\\000\0\ger\d
=040  \\$aNLGGC$bdut$efobidrtb$cNLGGC
=029  0\$aNLGGC$b257982159
=035  \\$a(OCoLC)66866544
=049  \\$aQGJA
=245  00$aConfutation, Appellation und Protestationschrifft dess ehrwirdigen und wolgebornen Herrn Herrn Georg von Säyn Graffen zu Witgenstein Thumbprobsten zu Cölln etc., von einer nichtiger Citation und darauff untüglich ergangen Urtheil, Herren Johan Frantzen Bischoffen zu Vercel, Nuntii Pontificii.
=260  \\$a[S.l.] :$b[s.n.],$c1583.
=300  \\$c20 cm.
=336  \\$atekst$btxt$2rdacontent/dut
=337  \\$azonder medium$bn$2rdamedia/dut
=338  \\$aband$bnc$2rdacarrier/dut
=510  0\$aVan Someren 326
=590  \\$b20211007
=600  14$aSayn-Wittgenstein, Georg zu,$cgraaf.
=986  \\$aUBU Van Someren 2
=994  \\$a92$bQGJ
=994  \\$cNEW$dNew collection customer.66264.370

