=LDR  00885cam a2200241Mi 4500
=001  ocm66866546\
=003  OCoLC
=005  20211007213027.0
=008  031214s1589\\\\gw\\\\\\\\\\\\000\0\ger\d
=040  \\$aNLGGC$bdut$efobidrtb$cNLGGC
=029  0\$aNLGGC$b257982167
=035  \\$a(OCoLC)66866546
=049  \\$aQGJA
=245  00$aRaben Nest, auss wölchem bey jetziger Herbst Mess zu Franckfort 1588 etliche Junge feindt abgeflogen, umb ihre Laster Schnäbel, Lügenhafftigerweisz zuwetzen, wider die Papisten so wol als wider die Ubiquitisten oder Confessionisten ...
=260  \\$aHeydelberg :$b[s.n.],$c1589.
=300  \\$a44 p. ;$c20 cm.
=336  \\$atekst$btxt$2rdacontent/dut
=337  \\$azonder medium$bn$2rdamedia/dut
=338  \\$aband$bnc$2rdacarrier/dut
=590  \\$b20211007
=986  \\$aUBU Van Someren 2
=994  \\$a92$bQGJ
=994  \\$cNEW$dNew collection customer.66264.370

