=LDR  01021cam a2200277Mi 4500
=001  ocm66866547\
=003  OCoLC
=005  20211007213027.0
=008  031214s1593\\\\gw\\\\\\\\\\\\000\0\ger\d
=040  \\$aNLGGC$bdut$efobidrtb$cNLGGC
=029  0\$aNLGGC$b257982191
=035  \\$a(OCoLC)66866547
=049  \\$aQGJA
=245  00$aZeytung, welcherley Massen und Gestalt die Friedtshadelung [!] sich mit der Statt Strassbürg unnd dem Hertzogen von Lotringen sampt dem Marggraffen von Brandenburg etc. zu getragen und begeben hat, den 27. February 1539.
=260  \\$aGedruckt zu Cölln :$bdurch Nicolaus Schreiber,$c1593.
=300  \\$a[8] p. ;$c20 cm.
=336  \\$atekst$btxt$2rdacontent/dut
=337  \\$azonder medium$bn$2rdamedia/dut
=338  \\$aband$bnc$2rdacarrier/dut
=500  \\$aJaartal 1539 op titelbl. is drukfout voor 1593.
=510  0\$aVan Someren 473
=510  0\$aVD 16.1, Z 299
=590  \\$b20211007
=986  \\$aUBU Van Someren 2
=994  \\$a92$bQGJ
=994  \\$cNEW$dNew collection customer.66264.370

