=LDR  01128cam a2200241Mi 4500
=001  ocm66866549\
=003  OCoLC
=005  20211007213027.0
=008  031214s1588\\\\gw\\\\\\\\\\\\000\0\ger\d
=040  \\$aNLGGC$bdut$efobidrtb$cNLGGC
=029  0\$aNLGGC$b257982205
=035  \\$a(OCoLC)66866549
=049  \\$aQGJA
=245  00$aDasz es nicht war, sondern ein grosse grobe Landtlügen sey, was von der Churfürstlichen Pfaltzischen Reformation unnd Kirchenordnung, anno 86. von etlichen heimlich, jetzo aber von einem (der sich noch nicht nennet) in seier Postrema relatione historica, das ist, Letzsten historischen Beschreibung, in offentlichen Truck ohne allen Grundt aussgesprengt worden /$cdurch Guthertziger Liebhaber der Warheit in der Churfürstlichen Pfaltz, kurtzlich an Tagn gegeben.
=260  \\$aGetruckt in ... Heidelberg :$b[s.n.],$c1588.
=300  \\$a28 p. ;$c20 cm.
=336  \\$atekst$btxt$2rdacontent/dut
=337  \\$azonder medium$bn$2rdamedia/dut
=338  \\$aband$bnc$2rdacarrier/dut
=590  \\$b20211007
=986  \\$aUBU Van Someren 2
=994  \\$a92$bQGJ
=994  \\$cNEW$dNew collection customer.66264.370

