=LDR  01395cam a2200337Mi 4500
=001  ocm66866551\
=003  OCoLC
=005  20211007213027.0
=008  031214s1592\\\\gw\\\\\\\\\\\\000\0\ger\d
=040  \\$aNLGGC$bdut$efobidrtb$cNLGGC$dDEBBG$dOCLCQ
=024  7\$aurn:nbn:de:bvb:12-bsb00036319-3$2urn
=024  8\$aVD16 O 1179
=029  0\$aNLGGC$b257982221
=029  1\$aDEBBG$bBV011521053
=029  1\$aGEBAY$b2734629
=035  \\$a(OCoLC)66866551
=049  \\$aQGJA
=100  1\$aOsiander, Lucas.$1http://viaf.org/viaf/66477263
=245  10$aBericht an alle fromme Christen, welche die Warheit lieben: warumb die beide rasende Barfüsser Mönch, Georg Eckhart und Michel Anisius, keiner Antwort werth seien /$cgestelt durch Lucas Osiander.
=260  \\$aGetruckt zu Tübingen :$bBey Georgen Gruppenbach,$c1592.
=300  \\$a14 p. ;$c20 cm
=336  \\$atekst$btxt$2rdacontent/dut
=337  \\$azonder medium$bn$2rdamedia/dut
=510  3\$aVD 16.1, O 1179
=590  \\$b20211007
=600  10$aAnisius, Michael.$1http://viaf.org/viaf/1064159234572803371998
=600  10$aEckhart, Georg.$1http://viaf.org/viaf/7447158369776101460009
=856  4\$uhttp://nbn-resolving.de/urn/resolver.pl?urn=urn:nbn:de:bvb:12-bsb00036319-3$xResolving-System$zkostenfrei$3Volltext // 2009 digitalisiert von: Bayerische Staatsbibliothek, München. Exemplar der Bayerischen Staatsbibliothek mit der Signatur: Polem. 3131 f
=986  \\$aUBU Van Someren 2
=994  \\$a92$bQGJ
=994  \\$cNEW$dNew collection customer.66264.370

