=LDR  01094cam a2200265Mi 4500
=001  ocm66866552\
=003  OCoLC
=005  20211007213027.0
=008  031214s1593\\\\gw\\\\\\\\\\\\000\0\ger\d
=040  \\$aNLGGC$bdut$efobidrtb$cNLGGC
=029  0\$aNLGGC$b25798223X
=035  \\$a(OCoLC)66866552
=049  \\$aQGJA
=100  1\$aPierius, Urbanus.
=245  10$aGenötigte Verneinung Urbani Pierij D. das ist, dass es nicht war sey, was wider ihn Magnus Christophorus H. mit dem Titull Revocatio oder Wiederruff Urbani Pierii etc. in Druck aussgelassen :$ballen Rechtgläubigen,zur wahren gründlichen Nachrichtung und zu Entdeckung der offentlichen Lügen dieses Magni Christophori, kürtzlich am Tag geben.
=260  \\$aGetruckt in ... Heidelberg :$bdurch Abraham Smesman,$c1593.
=300  \\$a8 p. ;$c20 cm.
=336  \\$atekst$btxt$2rdacontent/dut
=337  \\$azonder medium$bn$2rdamedia/dut
=338  \\$aband$bnc$2rdacarrier/dut
=590  \\$b20211007
=600  14$aChristoph, Magnus.$1http://viaf.org/viaf/15583847
=986  \\$aUBU Van Someren 2
=994  \\$a92$bQGJ
=994  \\$cNEW$dNew collection customer.66264.370

