=LDR  00843cam a2200265Mi 4500
=001  ocm66866768\
=003  OCoLC
=005  20211007213027.0
=008  031214s1601\\\\ne\\\\\\\\\\\\000\0\lat\d
=040  \\$aNLGGC$bdut$efobidrtb$cNLGGC
=029  0\$aNLGGC$b257983848
=035  \\$a(OCoLC)66866768
=049  \\$aQGJA
=100  1\$aLuntius, Johannes.$1http://viaf.org/viaf/77131999
=245  10$aOde annalis quinta: De antiquorum Romanorum virtute :$bscripta juventuti Ultrajectinae : a J. Luntio.
=246  3\$aDe antiquorum Romanorum virtute
=260  \\$aUltrajecti :$bex officina Hermanni Borculoi,$c[1601]
=300  \\$c20 cm.
=336  \\$atekst$btxt$2rdacontent/dut
=337  \\$azonder medium$bn$2rdamedia/dut
=338  \\$aband$bnc$2rdacarrier/dut
=590  \\$b20211007
=986  \\$aUBU Van Someren 2
=994  \\$a92$bQGJ
=994  \\$cNEW$dNew collection customer.66264.370

