=LDR  00895cam a2200265Mi 4500
=001  ocm66866774\
=003  OCoLC
=005  20211007213027.0
=008  031214s1603\\\\ne\\\\\\\\\\\\000\0\lat\d
=040  \\$aNLGGC$bdut$efobidrtb$cNLGGC
=029  0\$aNLGGC$b257983872
=035  \\$a(OCoLC)66866774
=049  \\$aQGJA
=100  1\$aLuntius, Johannes.$1http://viaf.org/viaf/77131999
=245  10$aOde annalis septima: Impietatem et luxum esse causas poenarum divinarum :$bscripta juventuti Ultrajectinae : a J. Luntio.
=246  3\$aImpietatem et luxum esse causas poenarum divinarum
=260  \\$aUltrajecti :$bex officina typographica Hermanni Borculoi,$c[1603]
=300  \\$c20 cm.
=336  \\$atekst$btxt$2rdacontent/dut
=337  \\$azonder medium$bn$2rdamedia/dut
=338  \\$aband$bnc$2rdacarrier/dut
=590  \\$b20211007
=986  \\$aUBU Van Someren 2
=994  \\$a92$bQGJ
=994  \\$cNEW$dNew collection customer.66264.370

