=LDR  00947cam a2200265Mi 4500
=001  ocm66866777\
=003  OCoLC
=005  20211007213027.0
=008  031214s1604\\\\ne\\\\\\\\\\\\000\0\lat\d
=040  \\$aNLGGC$bdut$efobidrtb$cNLGGC
=029  0\$aNLGGC$b257983910
=035  \\$a(OCoLC)66866777
=049  \\$aQGJA
=100  1\$aLuntius, Johannes.$1http://viaf.org/viaf/77131999
=245  10$aAnnalis octava: Status subditorum pessimus sub tyranno et puero, optimus sub pio et sapiente principe :$bscripta juventuti Ultrajectinae : a J. Luntio.
=246  3\$aStatus subditorum pessimus sub tyranno et puero, optimus sub pio et sapiente principe
=260  \\$aUltrajecti :$bex officina Hermanni Borculoi,$c[1604]
=300  \\$c20 cm.
=336  \\$atekst$btxt$2rdacontent/dut
=337  \\$azonder medium$bn$2rdamedia/dut
=338  \\$aband$bnc$2rdacarrier/dut
=590  \\$b20211007
=986  \\$aUBU Van Someren 2
=994  \\$a92$bQGJ
=994  \\$cNEW$dNew collection customer.66264.370

