=LDR  00964cam a2200253Mi 4500
=001  ocm66866790\
=003  OCoLC
=005  20211007213027.0
=008  031214s1604\\\\ne\\\\\\\\\\\\000\0\lat\d
=040  \\$aNLGGC$bdut$efobidrtb$cNLGGC
=029  0\$aNLGGC$b257983996
=035  \\$a(OCoLC)66866790
=049  \\$aQGJA
=100  1\$aStrombergh, Henricus.$1http://viaf.org/viaf/288667643
=245  10$aTriumphus Slusae Flandrorum captae, auspiciis Illustr. ac Potentissimorum Foederatarum Provinciarum Belgii ordinum, ductu inclutissimi, fortissimi & cum Deo invicti herois & domini D. Mauricii principis Auriaci ... /$ccarmine solemniter celebratus ab Henrico Strombergio.
=260  \\$aCampis :$bexcudebat Guilielmus Bernhardi,$c1604.
=300  \\$c20 cm.
=336  \\$atekst$btxt$2rdacontent/dut
=337  \\$azonder medium$bn$2rdamedia/dut
=338  \\$aband$bnc$2rdacarrier/dut
=590  \\$b20211007
=986  \\$aUBU Van Someren 2
=994  \\$a92$bQGJ
=994  \\$cNEW$dNew collection customer.66264.370

