=LDR  01118cam a2200301Mi 4500
=001  ocm66866794\
=003  OCoLC
=005  20211007213027.0
=008  031214s1601\\\\ne\\\\\\\\\\\\000\0\lat\d
=040  \\$aNLGGC$bdut$efobidrtb$cNLGGC
=029  0\$aNLGGC$b25798402X
=035  \\$a(OCoLC)66866794
=049  \\$aQGJA
=100  1\$aMerwe, Franciscus van.
=245  10$aEpithalamium, nuptiis castissimis, fato non inauspicato contractis D. Cornelii Verdousii Brunonis F., viri honestissimi, nuptiarum capitis ornatissimi, D.q. Gerardae Rodiae virginis castissimae ... /$cdevotum a Francisco Meruvio.
=260  \\$aLugduni Batavorum :$bex officina Christophori Gujotii,$c1601.
=300  \\$a8 p. ;$c20 cm.
=336  \\$atekst$btxt$2rdacontent/dut
=337  \\$azonder medium$bn$2rdamedia/dut
=338  \\$aband$bnc$2rdacarrier/dut
=500  \\$aBevat ook een gedicht van Joachimus Cranendonck.
=590  \\$b20211007
=600  14$aVerdousius, Cornelius.
=600  14$aRodia, Gerarda.
=700  1\$aCranendonck, Joachim.$1http://viaf.org/viaf/283813675
=986  \\$aUBU Van Someren 2
=994  \\$a92$bQGJ
=994  \\$cNEW$dNew collection customer.66264.370

