=LDR  01057cam a2200289Mi 4500
=001  ocm66867015\
=003  OCoLC
=005  20211007213027.0
=008  031214s1600\\\\ne\\\\\\\\\\\\000\0\lat\d
=040  \\$aNLGGC$bdut$efobidrtb$cNLGGC
=029  0\$aNLGGC$b257985743
=035  \\$a(OCoLC)66867015
=049  \\$aQGJA
=100  1\$aMouthaen, Henricus.
=245  10$aLessi Henrici Mouthaen Utricis, fusi super immaturo obitu synceri viri-adulescentis D. Guiliemi Berckii Dordracensis, pridie natalis Christi.
=246  3\$aLessi fusi super immaturo synceri obitu viri-adulescentis D. Guiliemi Berckii Dordracensis, pridie natalis Christi
=260  \\$aAthenis Batavorum :$btypis Christophori Guyotii,$c[1600]
=300  \\$a7 p. ;$c20 cm.
=336  \\$atekst$btxt$2rdacontent/dut
=337  \\$azonder medium$bn$2rdamedia/dut
=338  \\$aband$bnc$2rdacarrier/dut
=510  0\$aTypographia Batava 3528
=590  \\$b20211007
=600  14$aBerckius, Guilielmus.
=986  \\$aUBU Van Someren 2
=994  \\$a92$bQGJ
=994  \\$cNEW$dNew collection customer.66264.370

