=LDR  01414cam a2200289Mi 4500
=001  ocm66870063\
=003  OCoLC
=005  20211007213027.0
=008  031214s1590\\\\gw\\\\\\\\\\\\000\0\ger\d
=040  \\$aNLGGC$bdut$efobidrtb$cNLGGC$dDEBBG$dOCLCQ
=024  8\$aVD16 K 2109
=024  7\$aurn:nbn:de:bvb:12-bsb10201427-2$2urn
=029  0\$aNLGGC$b258002174
=029  1\$aDEBBG$bBV011371969
=035  \\$a(OCoLC)66870063
=049  \\$aQGJA
=245  00$aCopey der Supplication etlicher Bürger in Cöllen die sich zur evangelischen Lehr Göttliches Worts und der darauff gegründten Augspurgischen Confession bekennen /$cubergeben den 2. Junij stylo novo anno 90. durch einen Doctor der H. Schrifft und eine fürnemme Person vom Adel ; umb erheblicher und notwendiger Ursachen willen in den Druck gefertiget.
=260  \\$a[S.l.] :$b[s.n.],$c1590.
=300  \\$a22 p. ;$c20 cm
=336  \\$atekst$btxt$2rdacontent/dut
=337  \\$azonder medium$bn$2rdamedia/dut
=510  3\$aVD 16.1, K 2109
=590  \\$b20211007
=856  4\$uhttp://www.mdz-nbn-resolving.de/urn/resolver.pl?urn=urn:nbn:de:bvb:12-bsb10201427-2$xResolving-System$zkostenfrei$3Volltext // 2012 digitalisiert von: Bayerische Staatsbibliothek, München. Exemplar mit der Signatur: München, Bayerische Staatsbibliothek -- Res/4 H.ref. 808,4
=986  \\$aUBU Van Someren 2
=994  \\$a92$bQGJ
=994  \\$cNEW$dNew collection customer.66264.370

