=LDR  00895cam a2200265Mi 4500
=001  ocm66874194\
=003  OCoLC
=005  20211007213027.0
=008  031214s1550\\\\be\\\\\\\\\\\\000\0\lat\d
=040  \\$aNLGGC$bdut$efobidrtb$cNLGGC
=029  0\$aNLGGC$b258024216
=035  \\$a(OCoLC)66874194
=049  \\$aQGJA
=245  00$aCatalogi librorum reprobatorum, et praelegendorum ex judicio Academiae Lovaniensis :$bcum edicto Caesareo Majestatis evulgati.
=260  \\$aLovanii :$bex officina Servatii Sasseni,$c1550.
=300  \\$c20 cm.
=336  \\$atekst$btxt$2rdacontent/dut
=337  \\$azonder medium$bn$2rdamedia/dut
=338  \\$aband$bnc$2rdacarrier/dut
=500  \\$aVoor "Ordonnatie ende edict" zie eigen titelbeschijving.
=510  0\$aBelgica typographica 1554
=590  \\$b20211007
=986  \\$aUBU Van Someren 2
=994  \\$a92$bQGJ
=994  \\$cNEW$dNew collection customer.66264.370

