=LDR  00935cam a2200301Mi 4500
=001  ocm66880789\
=003  OCoLC
=005  20211007213027.0
=008  031214s1691\\\\ne\\\\\\\\\\\\000\0\dut\d
=040  \\$aNLGGC$bdut$efobidrtb$cNLGGC
=029  0\$aNLGGC$b258063149
=035  \\$a(OCoLC)66880789
=049  \\$aQGJA
=245  00$aVermeerderde articulen voor te stellen aen Do. Bekker.
=260  \\$a[S.l.] :$b[s.n.],$c[1691]
=300  \\$a[4] p. ;$c20 cm.
=336  \\$atekst$btxt$2rdacontent/dut
=337  \\$azonder medium$bn$2rdamedia/dut
=338  \\$aband$bnc$2rdacarrier/dut
=500  \\$aOndertekend: Leonardus Groenewegen.
=510  0\$aVan Someren 901
=590  \\$b20211007
=600  04$aBekker.$1http://viaf.org/viaf/162963783
=700  1\$aGroenewegen, Leonardus.$1http://viaf.org/viaf/308211757
=776  0\$tVermeerderde articulen voor te stellen aen Do. Bekker$w(NL-LeOCL)426183207
=986  \\$aUBU Van Someren 2
=994  \\$a92$bQGJ
=994  \\$cNEW$dNew collection customer.66264.370

