=LDR  00981cam a2200253Mi 4500
=001  ocm66880882\
=003  OCoLC
=005  20211007213027.0
=008  031214s1584\\\\ne\\\\\\\\\\\\000\0\lat\d
=040  \\$aNLGGC$bdut$efobidrtb$cNLGGC
=029  0\$aNLGGC$b25806367X
=035  \\$a(OCoLC)66880882
=049  \\$aQGJA
=100  1\$aMarnix, Philips van,$cheer van Sint Aldegonde,$d1540-1598.$0(NL-LeOCL)068871414$1http://viaf.org/viaf/9874771
=245  10$aAd potentissimos ac serenissimos reges, principes, reliquosque amplissimos Christiani orbis ordines, seria de Reip. Christianæ statu eiusque salute atque incolumitate conservanda, Germani cuiusdam nobilis & patriæ amantis viri commonefactio.
=260  \\$a[S.l.] :$b[s.n.],$c1584.
=300  \\$a[24] p. ;$c20 cm.
=336  \\$atekst$btxt$2rdacontent/dut
=337  \\$azonder medium$bn$2rdamedia/dut
=338  \\$aband$bnc$2rdacarrier/dut
=590  \\$b20211007
=986  \\$aUBU Van Someren 2
=994  \\$a92$bQGJ
=994  \\$cNEW$dNew collection customer.66264.370

