=LDR  00926cam a2200289Mi 4500
=001  ocm66922663\
=003  OCoLC
=005  20211007213027.0
=008  870427s1618\\\\xx\\\\\\\\\\\\000\0\dut\d
=040  \\$aNLGGC$bdut$efobidrtb$cNLGGC
=029  0\$aNLGGC$b195992091
=035  \\$a(OCoLC)66922663
=049  \\$aQGJA
=245  00$aAlso by de veranderinge geschiet binnen de stadt Utrecht ... ontdeckt zijn verscheyde saecken, daer van voor desen groot achterdencken is geweest ...
=260  \\$a[S.l.] :$b[s.n.],$c[1618?]
=300  \\$cPlano.
=336  \\$atekst$btxt$2rdacontent/dut
=337  \\$azonder medium$bn$2rdamedia/dut
=338  \\$aband$bnc$2rdacarrier/dut
=500  \\$aBegin van de tekst.
=510  0\$aKnuttel 2686 (vgl.)
=510  0\$aKnuttel 2687 (vgl.)
=510  0\$aKnuttel 2688 (vgl.)
=590  \\$b20211007
=986  \\$aUBU Van Someren 2
=994  \\$a92$bQGJ
=994  \\$cNEW$dNew collection customer.66264.370

