=LDR  00851cam a2200241Mi 4500
=001  ocm66922844\
=003  OCoLC
=005  20211007213027.0
=008  840906s1589\\\\xx\\\\\\\\\\\\000\0\ger\d
=040  \\$aNLGGC$bdut$efobidrtb$cNLGGC
=029  0\$aNLGGC$b195994892
=035  \\$a(OCoLC)66922844
=049  \\$aQGJA
=245  00$aAndere beglaubte Zeitungen oder Gründlicher und satter doch summarischer Bericht was sich jüngsthin beyderseits zugetragen, als die dem König zu Franckreich zuziehende Zydgnossen den Hertzogen von Savoi angriffen ...
=260  \\$a[S.l.] :$b[s.n.],$c1589.
=300  \\$c4-o.
=336  \\$atekst$btxt$2rdacontent/dut
=337  \\$azonder medium$bn$2rdamedia/dut
=338  \\$aband$bnc$2rdacarrier/dut
=590  \\$b20211007
=986  \\$aUBU Van Someren 2
=994  \\$a92$bQGJ
=994  \\$cNEW$dNew collection customer.66264.370

