=LDR  01257cam a2200313Mi 4500
=001  ocm66931787\
=003  OCoLC
=005  20211007213027.0
=008  870210s1665\\\\ne\\\\\\\\\\\\000\0\dut\d
=040  \\$aNLGGC$bdut$efobidrtb$cNLGGC
=029  0\$aNLGGC$b19611425X
=035  \\$a(OCoLC)66931787
=041  1\$adut$hger
=049  \\$aQGJA
=245  00$aCopye-Brief van den Bisschop van Munster, Aen de Hoog Mog. Heeren Staten Generael der Vereenighde Nederlanden :$bVan dato den 14 September, 1665 /$cUyt het Hoogduytsch overgeset.
=260  \\$a[S.l.] :$b[s.n.],$c[1665?]
=300  \\$a8 p. ;$c4-o.
=336  \\$atekst$btxt$2rdacontent/dut
=337  \\$azonder medium$bn$2rdamedia/dut
=338  \\$aband$bnc$2rdacarrier/dut
=500  \\$aDe bisschop van Munster is Christoph Bernhard von Galen.
=510  0\$aKnuttel 9154, T 5298
=590  \\$b20211007
=700  1\$aGalen, Christoph Bernhard von,$czie ook Bommen Berend,$d1606-1679.$0(NL-LeOCL)070043485
=710  2\$aS.n. (S.l.)$4prt$0(NL-LeOCL)077153677
=776  0\$tCopye-Brief van den Bisschop van Munster, Aen de Hoog Mog. Heeren Staten Generael der Vereenighde Nederlanden$w(NL-LeOCL)426155130
=986  \\$aUBU Van Someren 2
=994  \\$a92$bQGJ
=994  \\$cNEW$dNew collection customer.66264.370

