=LDR  00850cam a2200265Mi 4500
=001  ocm66968221\
=003  OCoLC
=005  20211007213027.0
=008  870511s1618\\\\xx\\\\\\\\\\\\000\0\dut\d
=040  \\$aNLGGC$bdut$efobidrtb$cNLGGC
=029  0\$aNLGGC$b196522463
=035  \\$a(OCoLC)66968221
=049  \\$aQGJA
=245  00$aWee-klachte der Hollandtsche maeght, over dese verwerde tijden: met een ernstighe aen-sprake aen zijn princeliicke excellentie ...
=260  \\$a[S.l.] :$b[s.n.],$c1618.
=300  \\$cPlano.
=336  \\$atekst$btxt$2rdacontent/dut
=337  \\$azonder medium$bn$2rdamedia/dut
=338  \\$aband$bnc$2rdacarrier/dut
=500  \\$aOndertekend door: R. T. = Reinier Telle.
=590  \\$b20211007
=700  1\$aTelle, Reinier.$1http://viaf.org/viaf/2821266
=986  \\$aUBU Van Someren 2
=994  \\$a92$bQGJ
=994  \\$cNEW$dNew collection customer.66264.370

