=LDR  02188cam a2200469Ia 4500
=001  ocm66969249\
=003  OCoLC
=005  20211007213027.0
=008  860225s1585\\\\gw\\\\\\\\\\\\000\0\ger\d
=040  \\$aNLGGC$beng$edcrb$cNLGGC$dEMT$dOCLCG$dOCLCA$dOCLCF$dOCLCO$dOCLCQ$dOCL$dOCLCA$dVU@$dQGJ
=026  \\$e158504 - b1 A2 s{dollar}erg : b2 E3 tuos.$2stcnf$5VU@
=029  0\$aNLGGC$b196531632
=029  1\$aGBVCP$b151246718
=035  \\$a(OCoLC)66969249
=043  \\$ae-gx---
=049  \\$aQGJA
=245  00$aZum glückseligen newen Jar, Warnung, vnd Vermanunge an D. Nicklaus Selneckern :$bdas er mit seinen Consorten, die Anhaltischen Theologen zuschmehen, vnd in jnen die göttliche warheit wider sein eigen gewissen zu lestern, einmal auffhören wolle : Beyneben angehengter Bekentnis vn[d] meinunge D. Tilemanni Heshusij, von diesem streit, zum zeugnis der vnwidersprechlichen Warheit.
=260  \\$aGedruckt zu Zerbst :$bdurch Bonauentur Schmidt,$cM.D. LXXXV.
=300  \\$a38 [2] p. (last p. blank) ;$c20 cm. (4to)
=336  \\$atext$btxt$2rdacontent$0http://id.loc.gov/vocabulary/contentTypes/txt
=337  \\$aunmediated$bn$2rdamedia$0http://id.loc.gov/vocabulary/mediaTypes/n
=338  \\$avolume$bnc$2rdacarrier$0http://id.loc.gov/vocabulary/carriers/nc
=340  \\$m4to$2rdabf
=500  \\$aIncludes: Hesshusen, Tilemann: Bekenntnis und Meinungen von diesem Streit. (VD16 H 2998)
=500  \\$aSignatures: A-E⁴ (E4 verso blank).
=500  \\$aPrinter's device on t.p.
=500  \\$aErrata.
=510  4\$aVerzeichnis der im deutschen Sprachbereich erschienenen Drucke des 16. Jahrhunderts (VD 16)$cZ 638
=590  \\$b20211007
=600  10$aSelneccer, Nicolaus,$d1530-1592.$0http://id.loc.gov/authorities/names/n89602807$1http://viaf.org/viaf/7415057
=600  17$aSelneccer, Nicolaus,$d1530-1592.$2fast$0http://id.worldcat.org/fast/00243661$1http://viaf.org/viaf/7415057
=651  \0$aAnhalt (Germany)$xChurch history$y16th century$vSources.
=651  \7$aGermany$zAnhalt.$2fast$0http://id.worldcat.org/fast/01223038$0http://id.loc.gov/authorities/names/n82166974-781
=648  \7$a1500-1599$2fast
=655  \7$aChurch history.$2fast$0http://id.worldcat.org/fast/01411629
=655  \7$aSources.$2fast$0http://id.worldcat.org/fast/01423900
=700  1\$aHeshusius, Tilemann,$d1527-1588,$econtributor.$4ctb$0http://id.loc.gov/authorities/names/nr95029757$1http://viaf.org/viaf/61556286
=700  1\$aSchmidt, Bonaventura,$d-approximately 1598,$eprinter.$0http://id.loc.gov/authorities/names/nr97029937$1http://viaf.org/viaf/49135197
=752  \\$aGermany$dZerbst.$4pup
=986  \\$aUBU Van Someren 2
=994  \\$a92$bQGJ
=994  \\$cNEW$dNew collection customer.66264.370


